<?xml version="1.0" encoding="UTF-8"?><collection xmlns="http://www.loc.gov/MARC21/slim"><record><leader>00387nam--2200145-i-4500</leader><controlfield tag="001">000014132</controlfield><controlfield tag="002">20161230</controlfield><controlfield tag="005">20161230201030</controlfield><controlfield tag="008">060222s1000------------r-----000-0-eng-d</controlfield><datafield ind1=" " ind2=" " tag="080"><subfield code="a">517.929</subfield></datafield><datafield ind1="1" ind2=" " tag="100"><subfield code="a">Conti, Roberto</subfield></datafield><datafield ind1="1" ind2="0" tag="245"><subfield code="a">Recent advances in differential equations</subfield></datafield><datafield ind1=" " ind2=" " tag="260"><subfield code="a">New York, Academic Press, 1981 Xi + 447 P</subfield></datafield><datafield ind1=" " ind2=" " tag="852"><subfield code="a">70122</subfield><subfield code="c">517.9</subfield></datafield><datafield ind1=" " ind2=" " tag="CAT"><subfield code="a">Sys</subfield><subfield code="c">20090326</subfield><subfield code="h">110651</subfield></datafield></record></collection>